
@book{item1,
  author = {Abdelaziz ABDELLATIF},
  title = {Ingénierie des méthodes et des processus - Méthodes agiles},
  year = {2000},
}

@online{ref1,
  author = {{Sofrecom Tunisie}},
  title = {{Sofrecom Tunisie}},
  year = 2023,
  url = {https://www.sofrecom.com/fr},
  note = {Consulté le 15/05/2023},
}

@online{ref2,
  author = {{OpenClassrooms}},
  title = {{La méthodologie DevOps}},
  year = 2023,
  url = {https://openclassrooms.com/fr/courses/6093671-decouvrez-la-methodologie-devops/6183233-decouvrez-les-origines-de-la-methodologie-devops},
  note = {Consulté le 15/05/2023},
}

@online{ref3,
  author = {{GitLab}},
  title = {{A Beginner's Guide to Continuous Integration}},
  year = 2018,
  url = {https://about.gitlab.com/2018/01/22/a-beginners-guide-to-continuous-integration/},
  note = {Consulté le 18/05/2023},
}

@online{ref4,
  author = {{Supinfo}},
  title = {{Intégration continue avec Gitlab et Gitlab CI/CD}},
  year = 2023,
  url = {https://www.supinfo.com/articles/single/6822-integration-continue-gitlab-gitlab-ci-cd},
  note = {Consulté le 18/05/2023},
}

@online{ref5,
  author = {{Tumador}},
  title = {{La méthode GOROCO}},
  year = 2009,
  url = {http://tumador.blogspot.com/2009/08/goroco-method.html},
  note = {Consulté le 16/05/2023},
}

@online{ref6,
  author = {{PDFSlide}},
  title = {{DevOps pour les nuls}},
  year = 2023,
  url = {https://pdfslide.net/technology/devops-pour-les-nuls.html},
  note = {Consulté le 17/05/2023},
}

@online{ref7,
  author = {{Blog du Modérateur}},
  title = {{Internet et Réseaux Sociaux en 2023}},
  year = 2019,
  url = {https://www.blogdumoderateur.com/chiffres-cles-internet-reseaux-sociaux-monde-avril-2023/},
  note = {Consulté le 15/05/2023},
}

@online{ref8,
  author = {{Keltio}},
  title = {{Processus DevOps}},
  year = 2023,
  url = {https://keltio.fr/devops/les-differentes-etapes-du-devops/},
  note = {Consulté le 20/05/2023},
}

@online{ref9,
  title = {{DevOps Adoption and Implementation in Software Development Practice}},
  year = 2023,
  note = {Consulté le 25/05/2023},
}

@online{ref10,
  author = {{Quality Street}},
  title = {{Manifeste Agile}},
  year = 2010,
  url = {https://www.qualitystreet.fr/2010/01/13/manifeste-agile/},
  note = {Consulté le 30/05/2023},
}

@online{ref11,
  title = {{Le Guide Scrum}},
  year = 2023,
  note = {Consulté le 27/05/2023},
}

@online{ref12,
  author = {{Robert Greiner}},
  title = {{Getting Started with Git and TortoiseGit on Windows}},
  year = 2023,
  url = {https://robertgreiner.com/getting-started-with-git-and-tortoisegit-on-windows/},
  note = {Consulté le 27/05/2023},
}

@online{ref13,
  author = {{Eleven Labs}},
  title = {{Introduction to GitLab CI}},
  year = 2023,
  url = {https://blog.eleven-labs.com/fr/introduction-gitlab-ci/},
  note = {Consulté le 03/06/2023},
}

@online{ref14,
  author = {{Docker}},
  title = {{Get Started with Docker}},
  year = 2023,
  url = {https://docs.docker.com/get-started/},
  note = {Consulté le 03/06/2023},
}

@online{ref15,
  author = {{Medium}},
  title = {{Configuration Management and Continuous Deployment with Ansible}},
  year = 2023,
  url = {https://medium.com/formcept/configuration-management-andcontinuousdeployment},
  note = {Consulté le 03/06/2023},
}

@online{ref16,
  author = {{DevOps Store}},
  title = {{DevOps Store}},
  year = 2023,
  url = {https://devops-store.rd.francetelecom.fr/dos},
  note = {Consulté le 03/06/2023},
}

@online{ref17,
  author = {{Microsoft}},
  title = {{Visual Studio Code}},
  year = 2023,
  url = {https://github.com/Microsoft/vscode},
  note = {Consulté le 03/06/2023},
}

@online{ref18,
  author = {{Eclipse}},
  title = {{Red Robot Editor}},
  year = 2023,
  url = {https://marketplace.eclipse.org/content/red-robot-editor},
  note = {Consulté le 03/06/2023},
}

@online{ref19,
  author = {{Developpez}},
  title = {{Robot Framework}},
  year = 2023,
  url = {https://deusyss.developpez.com/tutoriels/Python/Robotframework/},
  note = {Consulté le 06/06/2023},
}

@online{ref20,
  author = {Unknown Author},
  title = {Tests d'acceptation},
  howpublished = {\url{https://gayerie.dev/docs/testing/test_acceptation/test_acceptation.html}},
  note = {Consulté le 06/06/2023},
}

@online{ref21,
  author = {Unknown Author},
  title = {Qualité de code avec Sonar},
  howpublished = {\url{https://linsolas.developpez.com/articles/java/qualite/sonar/?page=page_1}},
  note = {Consulté le 07/06/2023},
}

@online{ref22,
  author = {Unknown Author},
  title = {Test et analyse de code},
  howpublished = {\url{https://plazza.orange.com/groups/techlead-devops/blog/2019/08/16/sonarqube-comment-tester-et-analyser-la-qualite}},
  note = {Consulté le 07/06/2023},
}

@online{ref23,
  author = {Unknown Author},
  title = {Tests automatisés},
  howpublished = {\url{http://mattischneider.fr/software/watai/WATAI-web_testing_whitepaper.pdf}},
  note = {Consulté le 09/06/2023},
}

@online{ref24,
  author = {Unknown Author},
  title = {Formation Robot Framework},
  howpublished = {\url{https://plazza.orange.com/docs/DOC-673969}},
  note = {Consulté le 09/06/2023},
}

@online{ref25,
  author = {Unknown Author},
  title = {Robot Framework},
  howpublished = {\url{https://www.linkedin.com/pulse/robot-framework-test-automation-smart-way-agha-anas/}},
  note = {Consulté le 11/06/2023},
}

@online{ref26,
  author = {Unknown Author},
  title = {Keywords Robot Framework},
  howpublished = {\url{https://devops-store.rd.francetelecom.fr/dos?page_id=1150}},
  note = {Consulté le 11/06/2023},
}

@online{ref27,
  author = {Unknown Author},
  title = {Architecture test},
  howpublished = {\url{https://medium.com/arcadia-software-development/automate-test-api-with-robot-framework-3035af1c9e22}},
  note = {Consulté le 11/06/2023},
}

@online{ref28,
  author = {Unknown Author},
  title = {Composants de test},
  howpublished = {\url{https://www.linkedin.com/pulse/robot-framework-test-automation-smart-way-agha-anas/}},
  note = {Consulté le 12/06/2023},
}

@online{ref29,
  author = {Unknown Author},
  title = {Architecture Sonarqube},
  howpublished = {\url{https://plazza.orange.com/docs/DOC-1255071}},
  note = {Consulté le 12/06/2023},
}

@online{ref30,
  author = {Unknown Author},
  title = {ODE et New Delivery},
  howpublished = {\url{https://plazza.orange.com/docs/DOC-2089482}},
  note = {Consulté le 13/06/2023},
}

@online{ref31,
  author = {Unknown Author},
  title = {Sonar Quality Gate et Profile},
  howpublished = {\url{https://docs.sonarqube.org/latest/instance-administration/quality-profiles/}},
  note = {Consulté le 14/06/2023},
}

@online{ref32,
  author = {Unknown Author},
  title = {Intégration de template ODE},
  howpublished = {\url{https://orange-deployment-engine.pages.gitlab.tech.orange/ode-documentation/1-principes-fonctionnement/}},
  note = {Consulté le 14/06/2023},
}

@online{ref33,
  author = {Unknown Author},
  title = {Ode Deployment},
  howpublished = {\url{https://plazza.orange.com/people/rahendatriprakosa.rosmedi@orange.com/blog/2021/04/20/}},
  note = {Consulté le 14/06/2023},
}

@online{ref34,
  author = {Unknown Author},
  title = {Structure de rôle Ansible},
  howpublished = {\url{https://devops-store.rd.francetelecom.fr/dos?p=3280}},
  note = {Consulté le 15/06/2023},
}

@online{ref35,
  author = {Unknown Author},
  title = {JaCoCo-Maven Plugin},
  howpublished = {\url{https://www.lambdatest.com/blog/reporting-code-coverage-using-maven-and-jacoco-plugin/}},
  note = {Consulté le 15/06/2023},
}

@online{ref36,
  author = {Unknown Author},
  title = {Cycle de vie Maven},
  howpublished = {\url{https://www.baeldung.com/maven-goals-phases#:~:text=A}},
  note = {Consulté le 15/06/2023},
}

@online{ref37,
  author = {Unknown Author},
  title = {Maven enforcer plugin},
  howpublished = {\url{https://fullstackcode.dev/2023/01/09/complete-guide-to-maven-enforcer-plugin/}},
  note = {Consulté le 15/06/2023},
}

@online{ref38,
  author = {Unknown Author},
  title = {Maven deploy plugin},
  howpublished = {\url{https://maven.apache.org/plugins/maven-deploy-plugin/}},
  note = {Consulté le 15/06/2023},
}

@online{ref39,
  author = {Unknown Author},
  title = {Maven CI friendly plugin},
  howpublished = {\url{https://developpaper.com/ci-friendly-versions-revision-under-maven-multi-module-architecture/}},
  note = {Consulté le 16/06/2023},
}

@online{ref40,
  author = {Unknown Author},
  title = {Maven SCM plugin},
  howpublished = {\url{https://subscription.packtpub.com/book/application-development/9781785286124/8/ch08lvl1sec84/using-the-maven-scm-plugin}},
  note = {Consulté le 18/06/2023},
}

@online{ref41,
  author = {Unknown Author},
  title = {Architecture Protractor},
  howpublished = {\url{https://pfs-ltaas.pages.gitlab.si.francetelecom.fr/ltaas-wiki/protractor/}},
  note = {Consulté le 20/06/2023},
}

@online{ref42,
  author = {Unknown Author},
  title = {Tests unitaires Angular},
  howpublished = {\url{https://medium.com/swlh/angular-unit-testing-jasmine-karma-step-by-step-e3376d110ab4}},
  note = {Consulté le 20/06/2023},
}

@online{ref43,
  author = {Unknown Author},
  title = {GitLab docs},
  howpublished = {\url{https://docs.gitlab.com/ee/ci/}},
  note = {Consulté le 28/06/2023},
}
